@article{BrChGr13,
  author = {O. Braun and F. Chung and R. Graham},
  journal = {Journal of Scheduling},
  title = {Single-processor scheduling with time restrictions},
  pages = {-},
  year = {2013},
  url = {http://link.springer.com/10.1007/s10951-013-0342-0},
}
@article{Janiak2009-01-1,
  author = {A. Janiak and W. Janiak and M. Marek},
  journal = {Bulletin of the Polish Academy of Sciences: Technical Sciences},
  title = {Single processor scheduling problems with various models of a due window assignment},
  year = {2009-01-1},
  pages = {-},
  volume = {vol. 57},
  number = {issue 1},
  url = {http://www.degruyter.com/view/j/bpasts.2009.57.issue-1/v10175-010-0110-7/v10175-010-0110-7.xml},
}
@article{Ullman:1975:NSP:1739944.1740138,
 author = {Ullman, J. D.},
 title = {NP-complete Scheduling Problems},
 journal = {J. Comput. Syst. Sci.},
 issue_date = {June, 1975},
 volume = {10},
 number = {3},
 month = jun,
 year = {1975},
 url = {http://dx.doi.org/10.1016/S0022-0000(75)80008-0}, 
 doi = {10.1016/S0022-0000(75)80008-0},
 issn = {0022-0000},
 pages = {384--393},
 numpages = {10}, 
 acmid = {1740138},
 publisher = {Academic Press, Inc.},
 address = {Orlando, FL, USA},
} 
@article{Browne90schedulingdeteriorating,
    author = {Author(s) Sid Browne and Uri Yechiali},
    title = {Scheduling Deteriorating Jobs on a Single Processor},
    journal = {Operations Research},
    year = {1990},
    pages = {495--498}
}
@INPROCEEDINGS{Baruah, 
author={Baruah, S.K. and Mok, A.K. and Rosier, L.E.}, 
booktitle={Real-Time Systems Symposium, 1990. Proceedings., 11th}, 
title={Preemptively scheduling hard-real-time sporadic tasks on one processor}, 
year={1990}, 
month={Dec}, 
pages={182-190}, 
keywords={operating systems (computers);real-time systems;resource allocation;scheduling;necessary and sufficient conditions;preemptively scheduling hard-real-time sporadic tasks;pseudo-polynomial time;Processor scheduling;Scheduling algorithm;Sensor phenomena and characterization;Sensor systems;Signal processing;Signal processing algorithms;Signal sampling;Sufficient conditions;System testing},
doi={10.1109/REAL.1990.128746},}
@incollection{polyEnergy,
year={2007},
isbn={978-3-540-75519-7},
booktitle={Algorithms – ESA 2007},
address={},
volume={4698},
series={Lecture Notes in Computer Science},
editor={Arge, Lars and Hoffmann, Michael and Welzl, Emo},
title={Polynomial Time Algorithms for Minimum Energy Scheduling},
doi={10.1007/978-3-540-75520-3\_14},
url={http://dx.doi.org/10.1007/978-3-540-75520-3\_14},
publisher={Springer Berlin Heidelberg},
author={Baptiste, Philippe and Chrobak, Marek and Dürr, Christoph},
pages={136-150}
}
@article{richter2011lama,
  title={LAMA 2008 and 2011},
  author={Richter, Silvia and Westphal, Matthias and Helmert, Malte},
  journal={The 2011 International Planning Competition},
  pages={50},
  year={2011}
}
@article{goemans2002single,
  title={Single machine scheduling with release dates},
  author={Goemans, Michel X and Queyranne, Maurice and Schulz, Andreas S and Skutella, Martin and Wang, Yaoguang},
  journal={SIAM Journal on Discrete Mathematics},
  volume={15},
  number={2},
  pages={165--192},
  year={2002},
  publisher={SIAM}
}
@article{Cheng1990,
  author = {T.C.E. Cheng},
  journal = {Computers},
  title = {Dynamic programming approach to the single-machine sequencing problem with different due-dates},
  year = {1990},
  pages = {1-7},
  volume = {vol. 19},
  number = {issue 2},
  url = {http://linkinghub.elsevier.com/retrieve/pii/089812219090001Z},
}
